<record><leader>00000cas a22000007a 4500</leader><controlfield tag="001">25416076</controlfield><controlfield tag="008">920309d186118uuncuwr ne      0    0eng d</controlfield><datafield ind1=" " ind2=" " tag="010"><subfield code="a">sn 92073948 </subfield></datafield><datafield ind1=" " ind2=" " tag="040"><subfield code="a">NVJ</subfield><subfield code="b">eng</subfield><subfield code="c">NVJ</subfield><subfield code="d">NVF</subfield><subfield code="d">OCL</subfield><subfield code="d">OCLCQ</subfield><subfield code="d">OCLCF</subfield><subfield code="d">OCLCO</subfield><subfield code="d">OCLCA</subfield><subfield code="d">OCL</subfield></datafield><datafield ind1=" " ind2=" " tag="042"><subfield code="a">msc</subfield></datafield><datafield ind1=" " ind2=" " tag="043"><subfield code="a">n-us-nc</subfield></datafield><datafield ind1="0" ind2=" " tag="130"><subfield code="a">Flag of the South (Wilson, N.C.)</subfield></datafield><datafield ind1="1" ind2="4" tag="245"><subfield code="a">The flag of the South.</subfield></datafield><datafield ind1=" " ind2=" " tag="260"><subfield code="a">Wilson, N.C. :</subfield><subfield code="b">John C. Gorman</subfield></datafield><datafield ind1=" " ind2=" " tag="300"><subfield code="a">v.</subfield></datafield><datafield ind1=" " ind2=" " tag="310"><subfield code="a">Weekly</subfield></datafield><datafield ind1="0" ind2=" " tag="362"><subfield code="a">Vol. 1, no. 1 (Apr. 25, 1861)-</subfield></datafield><datafield ind1=" " ind2="0" tag="651"><subfield code="a">Wilson (Wilson County, N.C.)</subfield><subfield code="v">Newspapers.</subfield></datafield><datafield ind1=" " ind2="7" tag="651"><subfield code="a">North Carolina</subfield><subfield code="z">Wilson (Wilson County)</subfield><subfield code="2">fast</subfield><subfield code="0">(OCoLC)fst01211839</subfield></datafield><datafield ind1=" " ind2="7" tag="655"><subfield code="a">Newspapers.</subfield><subfield code="2">fast</subfield><subfield code="0">(OCoLC)fst01423814</subfield></datafield><datafield ind1=" " ind2=" " tag="752"><subfield code="a">United States</subfield><subfield code="b">North Carolina</subfield><subfield code="c">Wilson</subfield><subfield code="d">Wilson.</subfield></datafield><datafield ind1="0" ind2="0" tag="780"><subfield code="t">Wilson ledger</subfield><subfield code="w">(DLC)sn 92073944</subfield></datafield></record>